@article{lan,
  title={Local Area Network (LAN) Computers in ESL and EFL Writing Classes: Promises and Realities},
  author={George Braine, Milio Yorozu},
  note={\url{https://jalt-publications.org/files/pdf-article/jj-20.2-art3.pdf}},
  pages={2},
  year={1998}
}

@article{vpn,
  title={What is a VPN?},
  author={Paul Ferguson, Geoff Huston},
  note={\url{http://sol.te.net.ua/www/nanog/vpn.pdf}},
  year={1998},  
  pages = {1}
}


@article{wan,
  title={IEEE Communications Surveys & Tutorials ( Volume: 14, Issue: 4, Fourth Quarter 2012},
  author={Yan Zhang, Nirwan Ansari, Mingquan Wu, Heather Yu},
  note={\url{https://ieeexplore.ieee.org/abstract/document/6042388}},
  pages={1},
  year={2002}
}

@article{WireGuard,
  title={Post-quantum WireGuard},
  author={Andreas Hülsing, Kai-Chun Ning, Peter Schwabe, Florian Weber, Philip R. Zimmermann},
  note={\url{https://ieeexplore.ieee.org/document/9519445}},
  pages={1},
  year={2021}
}

@article{WireGuardPQ,
  title={Post-quantum WireGuard},
  author={Andreas Hülsing, Kai-Chun Ning, Peter Schwabe, Florian Weber, Philip R. Zimmermann},
  note={\url{https://ieeexplore.ieee.org/document/9519445}},
  pages={1},
  year={2021}
}

@article{crittografia,
  title={Post-Quantum Cryptography What Advancements in Quantum Computing Mean for IT Professionals},
  author={Logan O. Mailloux, Charlton D. Lewis II, Casey Riggs, Michael R. Grimaila},
  note={\url{https://ieeexplore.ieee.org/document/7579104}},
  pages={3},
  year={2016}
}

@article{crystal,
  title={CRYSTALS – Kyber: a CCA-secure module-lattice-based KEM},
  author={Joppe Bos, Léo Ducas, Eike Kiltz, Tancrède Lepoint, Vadim Lyubashevsky, John M. Schanckk, Peter Schwabe, Gregor Seiler, Damien Stehlé},
  note={\url{https://ieeexplore.ieee.org/document/8406610}},
  pages={1},
  year={2018}
}

@misc{WPQ,
  title={ADDING QUANTUM RESISTANCE TO WIREGUARD},
  note={\url{https://research.kudelskisecurity.com/2021/07/08/adding-quantum-resistance-to-wireguard/}},
  year={2021}
}

@misc{testbed,
  title={Testbed},
  note={\url{https://en.wikipedia.org/wiki/Testbed}},
  year={2023}
}
@misc{param,
  title={Differenza tra larghezza di banda e velocità nelle telecomunicazioni},
  note={\url{https://vitolavecchia.altervista.org/differenza-tra-larghezza-di-banda-e-velocita-nelle-telecomunicazioni/}},
  year={2023}
}

@misc{kernel,
  title={Cos'è il kernel di Linux?},
  note={\url{https://www.redhat.com/it/topics/linux/what-is-the-linux-kernel}},
  year={2019}
}

@misc{arm,
  title={Architettura ARM},
  note={\url{https://it.wikipedia.org/wiki/Architettura_ARM}},
  year={2019}
}

@misc{cont,
  title={Che cosa sono i container?},
  note={\url{https://cloud.google.com/learn/what-are-containers?hl=it}},
  year={2019}
}

@misc{compose,
  title={Docker Compose overview},
  note={\url{https://docs.docker.com/compose/}},
  year={2023}
}

@misc{broker,
  title={Cos'è un broker di messaggi?},
  note={\url{https://www.ibm.com/it-it/topics/message-brokers}},
  year={2023}
}

@misc{kv,
  title={La definizione di database chiave-valore},
  note={\url{https://aws.amazon.com/it/nosql/key-value/#:~:text=Un%20database%20chiave%2Dvalore%20%C3%A8,chiave%20rappresenta%20un%20identificatore%20univoco.}},
  year={2023}
}

@misc{rasp,
  title={Raspberry Pi 4 model B},
  note={\url{https://www.raspberrypi.com/products/raspberry-pi-4-model-b/}},
  year={2023}
}

@misc{imager,
  title={Raspberry Pi Imager},
  note={\url{https://www.raspberrypi.com/software/}},
  year={2023}
}

@misc{nm,
  title={Nmap},
  note={\url{https://nmap.org/}},
  year={2023}
}

@misc{py,
  title={Python},
  note={\url{https://www.python.org/}},
  year={2023}
}

@misc{fl,
  title={Flask},
  note={\url{https://flask.palletsprojects.com/en/3.0.x/}},
  year={2023}
}

@misc{wir,
  title={WireGuard},
  note={\url{https://www.wireguard.com/}},
  year={2023}
}

@misc{op,
  title={OpenVPN},
  note={\url{https://openvpn.net/}},
  year={2023}
}

@misc{pro,
  title={Progetto GitHub},
  note={\url{https://github.com/99orazio/Tesi-Magistrale}},
  year={2023}
}

@misc{duck,
  title={Duck DNS free dynamic DNS hosted on AWS},
  note={\url{https://www.duckdns.org/}},
  year={2023}
}




